@article{bleakley2011group,
  title={The group fused lasso for multiple change-point detection},
  author={Bleakley, Kevin and Vert, Jean-Philippe},
  journal={arXiv preprint arXiv:1106.4199},
  year={2011}
}
@article{wang2016estimating,
  title={Estimating DNA methylation levels by joint modeling of multiple methylation profiles from microarray data},
  author={Wang, Tao and Chen, Mengjie and Zhao, Hongyu},
  journal={Biometrics},
  volume={72},
  number={2},
  pages={354--363},
  year={2016},
  publisher={Wiley Online Library}
}
@article{liao2014coneproj,
  title={coneproj: An R package for the primal or dual cone projections with routines for constrained regression},
  author={Liao, Xiyue and Meyer, Mary C and others},
  journal={Journal of Statistical Software},
  volume={61},
  number={12},
  pages={1--22},
  year={2014},
  publisher={Foundation for Open Access Statistics}
}

